%YAML 1.1
%TAG !u! tag:unity3d.com,2011:
--- !u!29 &1
OcclusionCullingSettings:
  m_ObjectHideFlags: 0
  serializedVersion: 2
  m_OcclusionBakeSettings:
    smallestOccluder: 5
    smallestHole: 0.25
    backfaceThreshold: 100
  m_SceneGUID: 00000000000000000000000000000000
  m_OcclusionCullingData: {fileID: 0}
--- !u!104 &2
RenderSettings:
  m_ObjectHideFlags: 0
  serializedVersion: 9
  m_Fog: 0
  m_FogColor: {r: 0.5, g: 0.5, b: 0.5, a: 1}
  m_FogMode: 3
  m_FogDensity: 0.01
  m_LinearFogStart: 0
  m_LinearFogEnd: 300
  m_AmbientSkyColor: {r: 0.212, g: 0.227, b: 0.259, a: 1}
  m_AmbientEquatorColor: {r: 0.114, g: 0.125, b: 0.133, a: 1}
  m_AmbientGroundColor: {r: 0.047, g: 0.043, b: 0.035, a: 1}
  m_AmbientIntensity: 1
  m_AmbientMode: 0
  m_SubtractiveShadowColor: {r: 0.42, g: 0.478, b: 0.627, a: 1}
  m_SkyboxMaterial: {fileID: 10304, guid: 0000000000000000f000000000000000, type: 0}
  m_HaloStrength: 0.5
  m_FlareStrength: 1
  m_FlareFadeSpeed: 3
  m_HaloTexture: {fileID: 0}
  m_SpotCookie: {fileID: 10001, guid: 0000000000000000e000000000000000, type: 0}
  m_DefaultReflectionMode: 0
  m_DefaultReflectionResolution: 128
  m_ReflectionBounces: 1
  m_ReflectionIntensity: 1
  m_CustomReflection: {fileID: 0}
  m_Sun: {fileID: 0}
  m_IndirectSpecularColor: {r: 0.3731193, g: 0.38073996, b: 0.35872698, a: 1}
  m_UseRadianceAmbientProbe: 0
--- !u!157 &3
LightmapSettings:
  m_ObjectHideFlags: 0
  serializedVersion: 11
  m_GIWorkflowMode: 0
  m_GISettings:
    serializedVersion: 2
    m_BounceScale: 1
    m_IndirectOutputScale: 1
    m_AlbedoBoost: 1
    m_EnvironmentLightingMode: 0
    m_EnableBakedLightmaps: 1
    m_EnableRealtimeLightmaps: 0
  m_LightmapEditorSettings:
    serializedVersion: 12
    m_Resolution: 2
    m_BakeResolution: 40
    m_AtlasSize: 1024
    m_AO: 0
    m_AOMaxDistance: 1
    m_CompAOExponent: 1
    m_CompAOExponentDirect: 0
    m_ExtractAmbientOcclusion: 0
    m_Padding: 2
    m_LightmapParameters: {fileID: 0}
    m_LightmapsBakeMode: 1
    m_TextureCompression: 1
    m_FinalGather: 0
    m_FinalGatherFiltering: 1
    m_FinalGatherRayCount: 256
    m_ReflectionCompression: 2
    m_MixedBakeMode: 2
    m_BakeBackend: 1
    m_PVRSampling: 1
    m_PVRDirectSampleCount: 32
    m_PVRSampleCount: 500
    m_PVRBounces: 2
    m_PVREnvironmentSampleCount: 500
    m_PVREnvironmentReferencePointCount: 2048
    m_PVRFilteringMode: 2
    m_PVRDenoiserTypeDirect: 0
    m_PVRDenoiserTypeIndirect: 0
    m_PVRDenoiserTypeAO: 0
    m_PVRFilterTypeDirect: 0
    m_PVRFilterTypeIndirect: 0
    m_PVRFilterTypeAO: 0
    m_PVREnvironmentMIS: 0
    m_PVRCulling: 1
    m_PVRFilteringGaussRadiusDirect: 1
    m_PVRFilteringGaussRadiusIndirect: 5
    m_PVRFilteringGaussRadiusAO: 2
    m_PVRFilteringAtrousPositionSigmaDirect: 0.5
    m_PVRFilteringAtrousPositionSigmaIndirect: 2
    m_PVRFilteringAtrousPositionSigmaAO: 1
    m_ExportTrainingData: 0
    m_TrainingDataDestination: TrainingData
    m_LightProbeSampleCountMultiplier: 4
  m_LightingDataAsset: {fileID: 0}
  m_UseShadowmask: 1
--- !u!196 &4
NavMeshSettings:
  serializedVersion: 2
  m_ObjectHideFlags: 0
  m_BuildSettings:
    serializedVersion: 2
    agentTypeID: 0
    agentRadius: 0.5
    agentHeight: 2
    agentSlope: 45
    agentClimb: 0.4
    ledgeDropHeight: 0
    maxJumpAcrossDistance: 0
    minRegionArea: 2
    manualCellSize: 0
    cellSize: 0.16666667
    manualTileSize: 0
    tileSize: 256
    accuratePlacement: 0
    debug:
      m_Flags: 0
  m_NavMeshData: {fileID: 0}
--- !u!1 &154112825 stripped
GameObject:
  m_CorrespondingSourceObject: {fileID: -8168322687878607396, guid: f59eb92315d3cda44b9c4ec35e66b589,
    type: 3}
  m_PrefabInstance: {fileID: 1486215596}
  m_PrefabAsset: {fileID: 0}
--- !u!1 &232394176 stripped
GameObject:
  m_CorrespondingSourceObject: {fileID: -8173094144421313244, guid: f59eb92315d3cda44b9c4ec35e66b589,
    type: 3}
  m_PrefabInstance: {fileID: 1486215596}
  m_PrefabAsset: {fileID: 0}
--- !u!1001 &469258485
PrefabInstance:
  m_ObjectHideFlags: 0
  serializedVersion: 2
  m_Modification:
    m_TransformParent: {fileID: 0}
    m_Modifications:
    - target: {fileID: 100004, guid: 126d619cf4daa52469682f85c1378b4a, type: 3}
      propertyPath: m_Name
      value: OVRCameraRig
      objectReference: {fileID: 0}
    - target: {fileID: 400004, guid: 126d619cf4daa52469682f85c1378b4a, type: 3}
      propertyPath: m_LocalPosition.x
      value: -249.29
      objectReference: {fileID: 0}
    - target: {fileID: 400004, guid: 126d619cf4daa52469682f85c1378b4a, type: 3}
      propertyPath: m_LocalPosition.y
      value: 315.7605
      objectReference: {fileID: 0}
    - target: {fileID: 400004, guid: 126d619cf4daa52469682f85c1378b4a, type: 3}
      propertyPath: m_LocalPosition.z
      value: -445.79
      objectReference: {fileID: 0}
    - target: {fileID: 400004, guid: 126d619cf4daa52469682f85c1378b4a, type: 3}
      propertyPath: m_LocalRotation.x
      value: -0
      objectReference: {fileID: 0}
    - target: {fileID: 400004, guid: 126d619cf4daa52469682f85c1378b4a, type: 3}
      propertyPath: m_LocalRotation.y
      value: 0.6440434
      objectReference: {fileID: 0}
    - target: {fileID: 400004, guid: 126d619cf4daa52469682f85c1378b4a, type: 3}
      propertyPath: m_LocalRotation.z
      value: -0
      objectReference: {fileID: 0}
    - target: {fileID: 400004, guid: 126d619cf4daa52469682f85c1378b4a, type: 3}
      propertyPath: m_LocalRotation.w
      value: 0.764989
      objectReference: {fileID: 0}
    - target: {fileID: 400004, guid: 126d619cf4daa52469682f85c1378b4a, type: 3}
      propertyPath: m_RootOrder
      value: 0
      objectReference: {fileID: 0}
    - target: {fileID: 400004, guid: 126d619cf4daa52469682f85c1378b4a, type: 3}
      propertyPath: m_LocalEulerAnglesHint.x
      value: 0
      objectReference: {fileID: 0}
    - target: {fileID: 400004, guid: 126d619cf4daa52469682f85c1378b4a, type: 3}
      propertyPath: m_LocalEulerAnglesHint.y
      value: 80.188
      objectReference: {fileID: 0}
    - target: {fileID: 400004, guid: 126d619cf4daa52469682f85c1378b4a, type: 3}
      propertyPath: m_LocalEulerAnglesHint.z
      value: 0
      objectReference: {fileID: 0}
    - target: {fileID: 400004, guid: 126d619cf4daa52469682f85c1378b4a, type: 3}
      propertyPath: m_LocalScale.x
      value: 3.2218
      objectReference: {fileID: 0}
    - target: {fileID: 400004, guid: 126d619cf4daa52469682f85c1378b4a, type: 3}
      propertyPath: m_LocalScale.y
      value: 3.2218
      objectReference: {fileID: 0}
    - target: {fileID: 400004, guid: 126d619cf4daa52469682f85c1378b4a, type: 3}
      propertyPath: m_LocalScale.z
      value: 3.2218
      objectReference: {fileID: 0}
    m_RemovedComponents: []
  m_SourcePrefab: {fileID: 100100000, guid: 126d619cf4daa52469682f85c1378b4a, type: 3}
--- !u!4 &491702684 stripped
Transform:
  m_CorrespondingSourceObject: {fileID: 400004, guid: 126d619cf4daa52469682f85c1378b4a,
    type: 3}
  m_PrefabInstance: {fileID: 469258485}
  m_PrefabAsset: {fileID: 0}
--- !u!1 &708019067 stripped
GameObject:
  m_CorrespondingSourceObject: {fileID: -8514366042949708295, guid: f59eb92315d3cda44b9c4ec35e66b589,
    type: 3}
  m_PrefabInstance: {fileID: 1486215596}
  m_PrefabAsset: {fileID: 0}
--- !u!1 &1025089321 stripped
GameObject:
  m_CorrespondingSourceObject: {fileID: 5540924940786364569, guid: f59eb92315d3cda44b9c4ec35e66b589,
    type: 3}
  m_PrefabInstance: {fileID: 1486215596}
  m_PrefabAsset: {fileID: 0}
--- !u!1 &1217192846 stripped
GameObject:
  m_CorrespondingSourceObject: {fileID: -3030878481706887814, guid: f59eb92315d3cda44b9c4ec35e66b589,
    type: 3}
  m_PrefabInstance: {fileID: 1486215596}
  m_PrefabAsset: {fileID: 0}
--- !u!1 &1229006231 stripped
GameObject:
  m_CorrespondingSourceObject: {fileID: -3052738834202750684, guid: f59eb92315d3cda44b9c4ec35e66b589,
    type: 3}
  m_PrefabInstance: {fileID: 1486215596}
  m_PrefabAsset: {fileID: 0}
--- !u!1 &1292711722 stripped
GameObject:
  m_CorrespondingSourceObject: {fileID: 2691517249913530481, guid: f59eb92315d3cda44b9c4ec35e66b589,
    type: 3}
  m_PrefabInstance: {fileID: 1486215596}
  m_PrefabAsset: {fileID: 0}
--- !u!1 &1319086966 stripped
GameObject:
  m_CorrespondingSourceObject: {fileID: 616732871333249001, guid: f59eb92315d3cda44b9c4ec35e66b589,
    type: 3}
  m_PrefabInstance: {fileID: 1486215596}
  m_PrefabAsset: {fileID: 0}
--- !u!1 &1386869436 stripped
GameObject:
  m_CorrespondingSourceObject: {fileID: 4789313482403392992, guid: f59eb92315d3cda44b9c4ec35e66b589,
    type: 3}
  m_PrefabInstance: {fileID: 1486215596}
  m_PrefabAsset: {fileID: 0}
--- !u!1 &1407981705 stripped
GameObject:
  m_CorrespondingSourceObject: {fileID: -4893578862722314136, guid: f59eb92315d3cda44b9c4ec35e66b589,
    type: 3}
  m_PrefabInstance: {fileID: 1486215596}
  m_PrefabAsset: {fileID: 0}
--- !u!1 &1473652671 stripped
GameObject:
  m_CorrespondingSourceObject: {fileID: 4335621312182536005, guid: f59eb92315d3cda44b9c4ec35e66b589,
    type: 3}
  m_PrefabInstance: {fileID: 1486215596}
  m_PrefabAsset: {fileID: 0}
--- !u!1001 &1486215596
PrefabInstance:
  m_ObjectHideFlags: 0
  serializedVersion: 2
  m_Modification:
    m_TransformParent: {fileID: 491702684}
    m_Modifications:
    - target: {fileID: -4216859302048453862, guid: f59eb92315d3cda44b9c4ec35e66b589,
        type: 3}
      propertyPath: m_LocalPosition.x
      value: -0.17739943
      objectReference: {fileID: 0}
    - target: {fileID: -4216859302048453862, guid: f59eb92315d3cda44b9c4ec35e66b589,
        type: 3}
      propertyPath: m_LocalPosition.y
      value: -0.21699893
      objectReference: {fileID: 0}
    - target: {fileID: -4216859302048453862, guid: f59eb92315d3cda44b9c4ec35e66b589,
        type: 3}
      propertyPath: m_LocalPosition.z
      value: 1.4512981
      objectReference: {fileID: 0}
    - target: {fileID: -4216859302048453862, guid: f59eb92315d3cda44b9c4ec35e66b589,
        type: 3}
      propertyPath: m_LocalRotation.x
      value: -0
      objectReference: {fileID: 0}
    - target: {fileID: -4216859302048453862, guid: f59eb92315d3cda44b9c4ec35e66b589,
        type: 3}
      propertyPath: m_LocalRotation.y
      value: -0.99280065
      objectReference: {fileID: 0}
    - target: {fileID: -4216859302048453862, guid: f59eb92315d3cda44b9c4ec35e66b589,
        type: 3}
      propertyPath: m_LocalRotation.z
      value: -0
      objectReference: {fileID: 0}
    - target: {fileID: -4216859302048453862, guid: f59eb92315d3cda44b9c4ec35e66b589,
        type: 3}
      propertyPath: m_LocalRotation.w
      value: 0.11977802
      objectReference: {fileID: 0}
    - target: {fileID: -4216859302048453862, guid: f59eb92315d3cda44b9c4ec35e66b589,
        type: 3}
      propertyPath: m_RootOrder
      value: 1
      objectReference: {fileID: 0}
    - target: {fileID: -4216859302048453862, guid: f59eb92315d3cda44b9c4ec35e66b589,
        type: 3}
      propertyPath: m_LocalEulerAnglesHint.x
      value: 0
      objectReference: {fileID: 0}
    - target: {fileID: -4216859302048453862, guid: f59eb92315d3cda44b9c4ec35e66b589,
        type: 3}
      propertyPath: m_LocalEulerAnglesHint.y
      value: -166.24101
      objectReference: {fileID: 0}
    - target: {fileID: -4216859302048453862, guid: f59eb92315d3cda44b9c4ec35e66b589,
        type: 3}
      propertyPath: m_LocalEulerAnglesHint.z
      value: 0
      objectReference: {fileID: 0}
    - target: {fileID: -4216859302048453862, guid: f59eb92315d3cda44b9c4ec35e66b589,
        type: 3}
      propertyPath: m_LocalScale.x
      value: 0.008177116
      objectReference: {fileID: 0}
    - target: {fileID: -4216859302048453862, guid: f59eb92315d3cda44b9c4ec35e66b589,
        type: 3}
      propertyPath: m_LocalScale.y
      value: 0.008177105
      objectReference: {fileID: 0}
    - target: {fileID: -4216859302048453862, guid: f59eb92315d3cda44b9c4ec35e66b589,
        type: 3}
      propertyPath: m_LocalScale.z
      value: 0.008177116
      objectReference: {fileID: 0}
    - target: {fileID: -927199367670048503, guid: f59eb92315d3cda44b9c4ec35e66b589,
        type: 3}
      propertyPath: m_Name
      value: Completed_RightHand_v0.4
      objectReference: {fileID: 0}
    - target: {fileID: -444521105353760620, guid: f59eb92315d3cda44b9c4ec35e66b589,
        type: 3}
      propertyPath: m_LocalRotation.x
      value: -0.7069834
      objectReference: {fileID: 0}
    - target: {fileID: -444521105353760620, guid: f59eb92315d3cda44b9c4ec35e66b589,
        type: 3}
      propertyPath: m_LocalRotation.y
      value: 0
      objectReference: {fileID: 0}
    - target: {fileID: -444521105353760620, guid: f59eb92315d3cda44b9c4ec35e66b589,
        type: 3}
      propertyPath: m_LocalRotation.z
      value: 0
      objectReference: {fileID: 0}
    - target: {fileID: -444521105353760620, guid: f59eb92315d3cda44b9c4ec35e66b589,
        type: 3}
      propertyPath: m_LocalRotation.w
      value: 0.7072302
      objectReference: {fileID: 0}
    - target: {fileID: -444521105353760620, guid: f59eb92315d3cda44b9c4ec35e66b589,
        type: 3}
      propertyPath: m_LocalEulerAnglesHint.x
      value: -89.98
      objectReference: {fileID: 0}
    - target: {fileID: -444521105353760620, guid: f59eb92315d3cda44b9c4ec35e66b589,
        type: 3}
      propertyPath: m_LocalEulerAnglesHint.y
      value: 0
      objectReference: {fileID: 0}
    - target: {fileID: -444521105353760620, guid: f59eb92315d3cda44b9c4ec35e66b589,
        type: 3}
      propertyPath: m_LocalEulerAnglesHint.z
      value: 0
      objectReference: {fileID: 0}
    - target: {fileID: 6080512090967747643, guid: f59eb92315d3cda44b9c4ec35e66b589,
        type: 3}
      propertyPath: m_LocalRotation.x
      value: 0
      objectReference: {fileID: 0}
    - target: {fileID: 6080512090967747643, guid: f59eb92315d3cda44b9c4ec35e66b589,
        type: 3}
      propertyPath: m_LocalRotation.y
      value: 0
      objectReference: {fileID: 0}
    - target: {fileID: 6080512090967747643, guid: f59eb92315d3cda44b9c4ec35e66b589,
        type: 3}
      propertyPath: m_LocalRotation.z
      value: -0.0035692314
      objectReference: {fileID: 0}
    - target: {fileID: 6080512090967747643, guid: f59eb92315d3cda44b9c4ec35e66b589,
        type: 3}
      propertyPath: m_LocalRotation.w
      value: 0.9999936
      objectReference: {fileID: 0}
    - target: {fileID: 6080512090967747643, guid: f59eb92315d3cda44b9c4ec35e66b589,
        type: 3}
      propertyPath: m_LocalEulerAnglesHint.y
      value: 0
      objectReference: {fileID: 0}
    - target: {fileID: 6080512090967747643, guid: f59eb92315d3cda44b9c4ec35e66b589,
        type: 3}
      propertyPath: m_LocalEulerAnglesHint.z
      value: -0.409
      objectReference: {fileID: 0}
    - target: {fileID: 6080512090967747643, guid: f59eb92315d3cda44b9c4ec35e66b589,
        type: 3}
      propertyPath: m_LocalEulerAnglesHint.x
      value: 0
      objectReference: {fileID: 0}
    m_RemovedComponents: []
  m_SourcePrefab: {fileID: 100100000, guid: f59eb92315d3cda44b9c4ec35e66b589, type: 3}
--- !u!1 &1494087836 stripped
GameObject:
  m_CorrespondingSourceObject: {fileID: -6133405009417578050, guid: f59eb92315d3cda44b9c4ec35e66b589,
    type: 3}
  m_PrefabInstance: {fileID: 1486215596}
  m_PrefabAsset: {fileID: 0}
--- !u!1 &1529284348 stripped
GameObject:
  m_CorrespondingSourceObject: {fileID: 4647213303349220539, guid: f59eb92315d3cda44b9c4ec35e66b589,
    type: 3}
  m_PrefabInstance: {fileID: 1486215596}
  m_PrefabAsset: {fileID: 0}
--- !u!1 &1560568604 stripped
GameObject:
  m_CorrespondingSourceObject: {fileID: 5579488052025323922, guid: f59eb92315d3cda44b9c4ec35e66b589,
    type: 3}
  m_PrefabInstance: {fileID: 1486215596}
  m_PrefabAsset: {fileID: 0}
--- !u!1 &1572627748 stripped
GameObject:
  m_CorrespondingSourceObject: {fileID: 6663210599565525373, guid: f59eb92315d3cda44b9c4ec35e66b589,
    type: 3}
  m_PrefabInstance: {fileID: 1486215596}
  m_PrefabAsset: {fileID: 0}
--- !u!1 &1635435848 stripped
GameObject:
  m_CorrespondingSourceObject: {fileID: 6667285696013543665, guid: f59eb92315d3cda44b9c4ec35e66b589,
    type: 3}
  m_PrefabInstance: {fileID: 1486215596}
  m_PrefabAsset: {fileID: 0}
--- !u!1 &1648816426 stripped
GameObject:
  m_CorrespondingSourceObject: {fileID: -6386235144232981852, guid: f59eb92315d3cda44b9c4ec35e66b589,
    type: 3}
  m_PrefabInstance: {fileID: 1486215596}
  m_PrefabAsset: {fileID: 0}
--- !u!1 &1699051078 stripped
GameObject:
  m_CorrespondingSourceObject: {fileID: -5351948064735309816, guid: f59eb92315d3cda44b9c4ec35e66b589,
    type: 3}
  m_PrefabInstance: {fileID: 1486215596}
  m_PrefabAsset: {fileID: 0}
--- !u!1 &1915154839 stripped
GameObject:
  m_CorrespondingSourceObject: {fileID: -927199367670048503, guid: f59eb92315d3cda44b9c4ec35e66b589,
    type: 3}
  m_PrefabInstance: {fileID: 1486215596}
  m_PrefabAsset: {fileID: 0}
--- !u!114 &1915154842
MonoBehaviour:
  m_ObjectHideFlags: 0
  m_CorrespondingSourceObject: {fileID: 0}
  m_PrefabInstance: {fileID: 0}
  m_PrefabAsset: {fileID: 0}
  m_GameObject: {fileID: 1915154839}
  m_Enabled: 1
  m_EditorHideFlags: 0
  m_Script: {fileID: 11500000, guid: 8aa33bc1d4916064dada11c0d9aa4ee2, type: 3}
  m_Name: 
  m_EditorClassIdentifier: 
  HandMotion: {fileID: 2044449766}
  HandV: {x: 0, y: 0, z: 0}
  sensitivity: 0
--- !u!114 &1915154843
MonoBehaviour:
  m_ObjectHideFlags: 0
  m_CorrespondingSourceObject: {fileID: 0}
  m_PrefabInstance: {fileID: 0}
  m_PrefabAsset: {fileID: 0}
  m_GameObject: {fileID: 1915154839}
  m_Enabled: 1
  m_EditorHideFlags: 0
  m_Script: {fileID: 11500000, guid: 2a72e0cbb0a48fd4a93d985e8b75679c, type: 3}
  m_Name: 
  m_EditorClassIdentifier: 
  ThumbMeta: {fileID: 154112825}
  Thumb1: {fileID: 1229006231}
  Thumb2: {fileID: 1217192846}
  Thumb1V: {x: 0, y: 0, z: 0}
  Thumb2V: {x: 0, y: 0, z: 0}
--- !u!114 &1915154844
MonoBehaviour:
  m_ObjectHideFlags: 0
  m_CorrespondingSourceObject: {fileID: 0}
  m_PrefabInstance: {fileID: 0}
  m_PrefabAsset: {fileID: 0}
  m_GameObject: {fileID: 1915154839}
  m_Enabled: 1
  m_EditorHideFlags: 0
  m_Script: {fileID: 11500000, guid: 9ccaec39f4b61aa468117fe7cebec37d, type: 3}
  m_Name: 
  m_EditorClassIdentifier: 
  RingMeta: {fileID: 1560568604}
  Ring1: {fileID: 1319086966}
  Ring2: {fileID: 708019067}
  Ring3: {fileID: 1699051078}
  Ring1V: {x: 0, y: 0, z: 0}
  Ring2V: {x: 0, y: 0, z: 0}
  Ring3V: {x: 0, y: 0, z: 0}
--- !u!114 &1915154845
MonoBehaviour:
  m_ObjectHideFlags: 0
  m_CorrespondingSourceObject: {fileID: 0}
  m_PrefabInstance: {fileID: 0}
  m_PrefabAsset: {fileID: 0}
  m_GameObject: {fileID: 1915154839}
  m_Enabled: 1
  m_EditorHideFlags: 0
  m_Script: {fileID: 11500000, guid: e862705e26e30d2459a840f220fa99b0, type: 3}
  m_Name: 
  m_EditorClassIdentifier: 
  PinkyMeta: {fileID: 1529284348}
  Pinky1: {fileID: 1025089321}
  Pinky2: {fileID: 1473652671}
  Pinky3: {fileID: 2017166791}
  Pinky1V: {x: 0, y: 0, z: 0}
  Pinky2V: {x: 0, y: 0, z: 0}
  Pinky3V: {x: 0, y: 0, z: 0}
--- !u!114 &1915154846
MonoBehaviour:
  m_ObjectHideFlags: 0
  m_CorrespondingSourceObject: {fileID: 0}
  m_PrefabInstance: {fileID: 0}
  m_PrefabAsset: {fileID: 0}
  m_GameObject: {fileID: 1915154839}
  m_Enabled: 1
  m_EditorHideFlags: 0
  m_Script: {fileID: 11500000, guid: 7e73c5a76cc15b64fbb5ea579c0bccf2, type: 3}
  m_Name: 
  m_EditorClassIdentifier: 
  MiddleMeta: {fileID: 1386869436}
  Middle1: {fileID: 232394176}
  Middle2: {fileID: 1648816426}
  Middle3: {fileID: 1635435848}
  Middle1V: {x: 0, y: 0, z: 0}
  Middle2V: {x: 0, y: 0, z: 0}
  Middle3V: {x: 0, y: 0, z: 0}
--- !u!114 &1915154847
MonoBehaviour:
  m_ObjectHideFlags: 0
  m_CorrespondingSourceObject: {fileID: 0}
  m_PrefabInstance: {fileID: 0}
  m_PrefabAsset: {fileID: 0}
  m_GameObject: {fileID: 1915154839}
  m_Enabled: 1
  m_EditorHideFlags: 0
  m_Script: {fileID: 11500000, guid: 7a8e9949990f19f43aa4e2f8a228c90f, type: 3}
  m_Name: 
  m_EditorClassIdentifier: 
  IndexMeta: {fileID: 1407981705}
  Index1: {fileID: 1494087836}
  Index2: {fileID: 1292711722}
  Index3: {fileID: 1572627748}
  Index1V: {x: 0, y: 0, z: 0}
  Index2V: {x: 0, y: 0, z: 0}
  Index3V: {x: 0, y: 0, z: 0}
--- !u!1 &2017166791 stripped
GameObject:
  m_CorrespondingSourceObject: {fileID: -5548680240316399015, guid: f59eb92315d3cda44b9c4ec35e66b589,
    type: 3}
  m_PrefabInstance: {fileID: 1486215596}
  m_PrefabAsset: {fileID: 0}
--- !u!1 &2044449766 stripped
GameObject:
  m_CorrespondingSourceObject: {fileID: 2922971970162124777, guid: f59eb92315d3cda44b9c4ec35e66b589,
    type: 3}
  m_PrefabInstance: {fileID: 1486215596}
  m_PrefabAsset: {fileID: 0}
